@book{Perko,
author={Lawrence Perko},
title={Differential Equations and Dynamical Systems},
year={2001},
publisher={Springer}
}

@book{Ascher,
author={Uri M. Ascher and Linda R. Petzold},
title={Computer Methods for Ordinary Differential Equations and Differential-Algebraic Equations},
year={1997}
}

@article{dotdot2018,
author={
JOHN BAGTERP JØRGENSEN and MORTEN RODE KRISTENSEN and
PER GROVE THOMSE},
title={A FAMILY OF ESDIRK INTEGRATION METHODS},
year=2018
}


@article{cstr,
author={Morten Ryberg Wahlgreen and Eskild Schroll-Fleischer and
Dimitri Boiroux and Tobias K. S. Ritschel and Hao Wu and
Jakob Kjøbsted Huusom and John Bagterp Jørgensen},
title={Nonlinear Model Predictive Control for an Exothermic Reaction in an Adiabatic CSTR},
year=2020}

